<?xml version="1.0" encoding="UTF-8"?><collection xmlns="http://www.loc.gov/MARC21/slim"><record><leader>00498nam--2200169-i-4500</leader><controlfield tag="001">000004637</controlfield><controlfield tag="002">20161230</controlfield><controlfield tag="005">20170209162252</controlfield><controlfield tag="008">060222s1000------------r-----000-0-eng-d</controlfield><datafield ind1=" " ind2=" " tag="100"><subfield code="a">Adda, Yves</subfield></datafield><datafield ind1=" " ind2=" " tag="245"><subfield code="a">Determination des coefficients de diffusion et etude de l effet kirkendall sur le couple uranium-titane</subfield></datafield><datafield ind1=" " ind2=" " tag="260"><subfield code="a">Saclay</subfield><subfield code="b">Centre D Etudes Nucleaires</subfield><subfield code="c">1958</subfield></datafield><datafield ind1=" " ind2=" " tag="300"><subfield code="a">4 p</subfield></datafield><datafield ind1=" " ind2=" " tag="490"><subfield code="a">Rapport Cea</subfield><subfield code="v">895</subfield></datafield><datafield ind1=" " ind2=" " tag="700"><subfield code="a">Philibert, Jean</subfield></datafield><datafield ind1=" " ind2=" " tag="852"><subfield code="a">13455</subfield></datafield><datafield ind1=" " ind2=" " tag="CAT"><subfield code="a">SYS</subfield><subfield code="c">20170209</subfield><subfield code="h">162252</subfield></datafield></record></collection>